<mx:record xmlns="http://www.w3.org/TR/xhtml1/strict" xmlns:mx="http://www.loc.gov/MARC21/slim" xmlns:xsi="http://www.w3.org/2001/XMLSchema-instance"><mx:leader>00000cz   2200000n  4500</mx:leader><mx:controlfield tag="001">oca02707337 </mx:controlfield><mx:controlfield tag="005">20020314151849.0</mx:controlfield><mx:controlfield tag="008">900319n| acannaab           |a aaa      </mx:controlfield><mx:datafield ind1=" " ind2=" " tag="010"><mx:subfield code="a">n  90621891 </mx:subfield></mx:datafield><mx:datafield ind1=" " ind2=" " tag="040"><mx:subfield code="a">DLC</mx:subfield><mx:subfield code="c">DLC</mx:subfield><mx:subfield code="d">DLC</mx:subfield></mx:datafield><mx:datafield ind1="0" ind2=" " tag="100"><mx:subfield code="a">Isaeus,</mx:subfield><mx:subfield code="d">ca. 420-ca. 350 B.C.</mx:subfield></mx:datafield><mx:datafield ind1="0" ind2=" " tag="400"><mx:subfield code="a">Isej,</mx:subfield><mx:subfield code="d">ca. 420-ca. 350 B.C.</mx:subfield></mx:datafield><mx:datafield ind1="0" ind2=" " tag="400"><mx:subfield code="a">Isajos,</mx:subfield><mx:subfield code="d">ca. 420-ca. 350 B.C.</mx:subfield></mx:datafield><mx:datafield ind1="0" ind2=" " tag="400"><mx:subfield code="a">Isaios,</mx:subfield><mx:subfield code="d">ca. 420-ca. 350 B.C.</mx:subfield></mx:datafield><mx:datafield ind1=" " ind2=" " tag="670"><mx:subfield code="a">Avramović, S. Isejevo sudsko besedništvo i atinsko pravo, 1988:</mx:subfield><mx:subfield code="b">p. 7 (Isej)</mx:subfield></mx:datafield><mx:datafield ind1=" " ind2=" " tag="670"><mx:subfield code="a">LC data base, 03-20-90</mx:subfield><mx:subfield code="b">(Isæus)</mx:subfield></mx:datafield><mx:datafield ind1=" " ind2=" " tag="670"><mx:subfield code="a">Oxford class. dict., 1979</mx:subfield><mx:subfield code="b">(Isaeus; c. 420-350 B.C.; orator)</mx:subfield></mx:datafield><mx:datafield ind1=" " ind2=" " tag="670"><mx:subfield code="a">New ency. Brit., 1978</mx:subfield><mx:subfield code="b">(Isaeus; b. c. 420 B.C.; d. c. 350 B.C.; professional speech writer in Athens)</mx:subfield></mx:datafield><mx:datafield ind1=" " ind2=" " tag="670"><mx:subfield code="a">Adopcja i dziedziczenie w mowach Isajosa, 1995:</mx:subfield><mx:subfield code="b">p. 15 etc. (Isajos) Eng. summary (Isaios)</mx:subfield></mx:datafield><mx:datafield ind1=" " ind2=" " tag="999"><mx:subfield code="a">5034.6644</mx:subfield></mx:datafield></mx:record>